@comment{x-kbibtex-personnameformatting=<%l><, %f>}

@article {ACP,
    AUTHOR = {Abramovich, Dan and Caporaso, Lucia and Payne, Sam},
     TITLE = {The tropicalization of the moduli space of curves},
   JOURNAL = {Ann. Sci. \'{E}c. Norm. Sup\'{e}r. (4)},
  FJOURNAL = {Annales Scientifiques de l'\'{E}cole Normale Sup\'{e}rieure. Quatri\`eme
              S\'{e}rie},
    VOLUME = {48},
      YEAR = {2015},
    NUMBER = {4},
     PAGES = {765--809},
      ISSN = {0012-9593},
   MRCLASS = {14T05 (14D20 14G22 14H10)},
  MRNUMBER = {3377065},
MRREVIEWER = {Simon Hampe},
       DOI = {10.24033/asens.2258},
       URL = {https://doi.org/10.24033/asens.2258},
}

@article {AK,
    AUTHOR = {Abramovich, D. and Karu, K.},
     TITLE = {Weak semistable reduction in characteristic 0},
   JOURNAL = {Invent. Math.},
  FJOURNAL = {Inventiones Mathematicae},
    VOLUME = {139},
      YEAR = {2000},
    NUMBER = {2},
     PAGES = {241--273},
      ISSN = {0020-9910},
   MRCLASS = {14D06 (14J10)},
  MRNUMBER = {1738451},
MRREVIEWER = {S\'{a}ndor J. Kov\'{a}cs},
       DOI = {10.1007/s002229900024},
       URL = {https://doi.org/10.1007/s002229900024},
}

@ARTICLE{ACGSDecomposition,
       author = {{Abramovich}, D. and {Chen}, Q. and {Gross}, M. and
         {Siebert}, B.},
        title = "{Decomposition of degenerate Gromov-Witten invariants}",
      journal = {arXiv e-prints},
     keywords = {Mathematics - Algebraic Geometry, 53D45},
         year = "2017",
        month = "Sep",
          eid = {arXiv:1709.09864},
        pages = {arXiv:1709.09864},
archivePrefix = {arXiv},
       eprint = {1709.09864},
 primaryClass = {math.AG},
       adsurl = {https://ui.adsabs.harvard.edu/\#abs/2017arXiv170909864A},
      adsnote = {Provided by the SAO/NASA Astrophysics Data System}
}


@ARTICLE{BattistellaNabijou,
       author = {{Battistella}, L. and {Nabijou}, N.},
        title = "{A Lefschetz-type Theorem for Quasimap Invariants via Relative Quasimaps}",
      journal = {arXiv e-prints},
     keywords = {Mathematics - Algebraic Geometry, 14N35},
         year = "2017",
        month = "Oct",
          eid = {arXiv:1710.11158},
        pages = {arXiv:1710.11158},
archivePrefix = {arXiv},
       eprint = {1710.11158},
 primaryClass = {math.AG},
       adsurl = {https://ui.adsabs.harvard.edu/\#abs/2017arXiv171011158B},
      adsnote = {Provided by the SAO/NASA Astrophysics Data System}
}

@article {Niziol,
    AUTHOR = {{Nizio\l}, W.},
     TITLE = {Toric singularities: log-blow-ups and global resolutions},
   JOURNAL = {J. Algebraic Geom.},
  FJOURNAL = {Journal of Algebraic Geometry},
    VOLUME = {15},
      YEAR = {2006},
    NUMBER = {1},
     PAGES = {1--29},
      ISSN = {1056-3911},
   MRCLASS = {14E15 (14B05 14M25)},
  MRNUMBER = {2177194},
MRREVIEWER = {Marko Roczen},
       DOI = {10.1090/S1056-3911-05-00409-1},
       URL = {https://doi.org/10.1090/S1056-3911-05-00409-1},
}


@ARTICLE{CavalieriChanUlirschWise,
       author = {{Cavalieri}, R. and {Chan}, M. and {Ulirsch}, M. and {Wise},
        J.},
        title = "{A moduli stack of tropical curves}",
      journal = {arXiv e-prints},
     keywords = {Mathematics - Algebraic Geometry, 14T05, 14A20},
         year = 2017,
        month = Apr,
          eid = {arXiv:1704.03806},
        pages = {arXiv:1704.03806},
archivePrefix = {arXiv},
       eprint = {1704.03806},
 primaryClass = {math.AG},
       adsurl = {https://ui.adsabs.harvard.edu/\#abs/2017arXiv170403806C},
      adsnote = {Provided by the SAO/NASA Astrophysics Data System}
}

@article {ChenDegeneration,
    AUTHOR = {Chen, Q.},
     TITLE = {The degeneration formula for logarithmic expanded
              degenerations},
   JOURNAL = {J. Algebraic Geom.},
  FJOURNAL = {Journal of Algebraic Geometry},
    VOLUME = {23},
      YEAR = {2014},
    NUMBER = {2},
     PAGES = {341--392},
      ISSN = {1056-3911},
   MRCLASS = {14N35 (14D06 14D15 14D23)},
  MRNUMBER = {3166394},
MRREVIEWER = {Ruifang Song},
       DOI = {10.1090/S1056-3911-2013-00614-1},
       URL = {https://doi.org/10.1090/S1056-3911-2013-00614-1},
}

@article {EKatz,
    AUTHOR = {Katz, E.},
     TITLE = {An algebraic formulation of symplectic field theory},
   JOURNAL = {J. Symplectic Geom.},
  FJOURNAL = {The Journal of Symplectic Geometry},
    VOLUME = {5},
      YEAR = {2007},
    NUMBER = {4},
     PAGES = {385--437},
      ISSN = {1527-5256},
   MRCLASS = {53D45 (14N35)},
  MRNUMBER = {2413309},
MRREVIEWER = {Michael J. Usher},
       URL = {http://projecteuclid.org/euclid.jsg/1213883790},
}

@ARTICLE{EKatzLB,
       author = {{Katz}, E.},
        title = "{Line-Bundles on Stacks of Relative Maps}",
      journal = {arXiv Mathematics e-prints},
     keywords = {Algebraic Geometry, 14N35},
         year = "2005",
        month = "Jul",
          eid = {math/0507322},
        pages = {math/0507322},
archivePrefix = {arXiv},
       eprint = {math/0507322},
 primaryClass = {math.AG},
       adsurl = {https://ui.adsabs.harvard.edu/\#abs/2005math......7322K},
      adsnote = {Provided by the SAO/NASA Astrophysics Data System}
}



@incollection {Hain,
    AUTHOR = {Hain, R.},
     TITLE = {Normal functions and the geometry of moduli spaces of curves},
 BOOKTITLE = {Handbook of moduli. {V}ol. {I}},
    SERIES = {Adv. Lect. Math. (ALM)},
    VOLUME = {24},
     PAGES = {527--578},
 PUBLISHER = {Int. Press, Somerville, MA},
      YEAR = {2013},
   MRCLASS = {14H10 (32G15)},
  MRNUMBER = {3184171},
}

@article {JPPZ,
    AUTHOR = {Janda, F. and Pandharipande, R. and Pixton, A. and Zvonkine,
              D.},
     TITLE = {Double ramification cycles on the moduli spaces of curves},
   JOURNAL = {Publ. Math. Inst. Hautes \'{E}tudes Sci.},
  FJOURNAL = {Publications Math\'{e}matiques. Institut de Hautes \'{E}tudes
              Scientifiques},
    VOLUME = {125},
      YEAR = {2017},
     PAGES = {221--266},
      ISSN = {0073-8301},
   MRCLASS = {14H10 (14N35)},
  MRNUMBER = {3668650},
MRREVIEWER = {Emily Clader},
       DOI = {10.1007/s10240-017-0088-x},
       URL = {https://doi.org/10.1007/s10240-017-0088-x},
}

@ARTICLE{DRCBundle,
       author = {{Janda}, F. and {Pandharipande}, R. and {Pixton}, A. and {Zvonkine}, D.},
        title = "{Double ramification cycles with target varieties}",
      journal = {arXiv e-prints},
     keywords = {Mathematics - Algebraic Geometry},
         year = 2018,
        month = Dec,
          eid = {arXiv:1812.10136},
        pages = {arXiv:1812.10136},
archivePrefix = {arXiv},
       eprint = {1812.10136},
 primaryClass = {math.AG},
       adsurl = {https://ui.adsabs.harvard.edu/\#abs/2018arXiv181210136J},
      adsnote = {Provided by the SAO/NASA Astrophysics Data System}
}


@incollection{AbramovichLog,
	author = "Abramovich, Dan and Chen, Qile and Gillam, Danny and Huang, Yuhao and Olsson, Martin and Satriano, Matthew and Sun, Shenghao",
	booktitle = "{Handbook of moduli. {V}ol. {I}}",
	mrclass = "14D20 (14A20)",
	mrnumber = "3184161",
	mrreviewer = "Howard M. Thompson",
	pages = "1--61",
	publisher = "Int. Press, Somerville, MA",
	series = "{Adv. Lect. Math. (ALM)}",
	title = "{Logarithmic geometry and moduli}",
	volume = "24",
	year = "2013"
}

@article{AbramovichChenLog,
	author = {{Abramovich}, D. and {Chen}, Q.},
	doi = "10.4310/AJM.2014.v18.n3.a5",
	fjournal = "Asian Journal of Mathematics",
	issn = "1093-6106",
	journal = "Asian J. Math.",
	mrclass = "14D23 (14A20 14H10 14N35)",
	mrnumber = "3257836",
	mrreviewer = "Jonathan Wise",
	number = "3",
	pages = "465--488",
	title = "{Stable logarithmic maps to {D}eligne-{F}altings pairs {II}}",
	url = "http://dx.doi.org/10.4310/AJM.2014.v18.n3.a5",
	volume = "18",
	year = "2014"
}

@article{AbramovichFantechi,
	author = "Abramovich, Dan and Fantechi, Barbara",
	fjournal = "Annali della Scuola Normale Superiore di Pisa. Classe di Scienze. Serie V",
	issn = "0391-173X",
	journal = "Ann. Sc. Norm. Super. Pisa Cl. Sci. (5)",
	mrclass = "14N35 (14D22)",
	mrnumber = "3559610",
	mrreviewer = "Hsian-Hua Tseng",
	number = "2",
	pages = "519--579",
	title = "{Orbifold techniques in degeneration formulas}",
	volume = "16",
	year = "2016"
}

@article{AbramovichMarcusWiseComparison,
	author = {{Abramovich}, D. and {Marcus}, S. and {Wise}, J.},
	fjournal = "Universit{\'e} de Grenoble. Annales de l'Institut Fourier",
	issn = "0373-0956",
	journal = "Ann. Inst. Fourier (Grenoble)",
	mrclass = "14N35 (14D23 14H10)",
	mrnumber = "3329675",
	mrreviewer = "Felix Janda",
	number = "4",
	pages = "1611--1667",
	title = "{Comparison theorems for {G}romov-{W}itten invariants of smooth pairs and of degenerations}",
	url = "http://aif.cedram.org/item?id=AIF_2014__64_4_1611_0",
	volume = "64",
	year = "2014"
}

@article{Behrend,
	author = "Behrend, Kai",
	doi = "10.1007/s002220050132",
	fjournal = "Inventiones Mathematicae",
	issn = "0020-9910",
	journal = "Invent. Math.",
	mrclass = "14D20 (14C25 14D22)",
	mrnumber = "1431140",
	mrreviewer = "Barbara Fantechi",
	number = "3",
	pages = "601--617",
	title = "{Gromov-{W}itten invariants in algebraic geometry}",
	url = "http://dx.doi.org/10.1007/s002220050132",
	volume = "127",
	year = "1997"
}

@article{BF,
	author = "Behrend, K. and Fantechi, B.",
	doi = "10.1007/s002220050136",
	fjournal = "Inventiones Mathematicae",
	issn = "0020-9910",
	journal = "Invent. Math.",
	mrclass = "14F99 (14C15 14D20)",
	mrnumber = "1437495",
	mrreviewer = "Tohru Nakashima",
	number = "1",
	pages = "45--88",
	title = "{The intrinsic normal cone}",
	url = "http://dx.doi.org/10.1007/s002220050136",
	volume = "128",
	year = "1997"
}

@article {CF-K-higher-genus,
    AUTHOR = {Ciocan-Fontanine, Ionu\c{t} and Kim, B.},
     TITLE = {Higher genus quasimap wall-crossing for semipositive targets},
   JOURNAL = {J. Eur. Math. Soc. (JEMS)},
  FJOURNAL = {Journal of the European Mathematical Society (JEMS)},
    VOLUME = {19},
      YEAR = {2017},
    NUMBER = {7},
     PAGES = {2051--2102},
      ISSN = {1435-9855},
   MRCLASS = {14N35 (14J33)},
  MRNUMBER = {3656479},
       URL = {https://doi.org/10.4171/JEMS/713},
}

@article{ChenLog,
	author = {Chen, Q.},
	doi = "10.4007/annals.2014.180.2.2",
	fjournal = "Annals of Mathematics. Second Series",
	issn = "0003-486X",
	journal = "Ann. of Math. (2)",
	mrclass = "14N35 (14D23)",
	mrnumber = "3224717",
	mrreviewer = "Sergiy Koshkin",
	number = "2",
	pages = "455--521",
	title = "{Stable logarithmic maps to {D}eligne-{F}altings pairs {I}}",
	url = "http://dx.doi.org/10.4007/annals.2014.180.2.2",
	volume = "180",
	year = "2014"
}

@incollection{CKL,
	author = "Cox, David A. and Katz, Sheldon and Lee, Yuan-Pin",
	booktitle = "{Advances in algebraic geometry motivated by physics ({L}owell, {MA}, 2000)}",
	doi = "10.1090/conm/276/04519",
	mrclass = "14N10 (14D20)",
	mrnumber = "1837116",
	pages = "157--166",
	publisher = "Amer. Math. Soc., Providence, RI",
	series = "{Contemp. Math.}",
	title = "{Virtual fundamental classes of zero loci}",
	url = "http://0-dx.doi.org.pugwash.lib.warwick.ac.uk/10.1090/conm/276/04519",
	volume = "276",
	year = "2001"
}

@article{CL,
	author = "Chang, Huai-Liang and Li, Jun",
	fjournal = "Journal of Differential Geometry",
	issn = "0022-040X",
	journal = "J. Differential Geom.",
	mrclass = "14N35 (53D45)",
	mrnumber = "3343833",
	mrreviewer = "Sergiy Koshkin",
	number = "2",
	pages = "251--299",
	title = "{An algebraic proof of the hyperplane property of the genus one {GW}-invariants of quintics}",
	url = "http://0-projecteuclid.org.pugwash.lib.warwick.ac.uk/euclid.jdg/1430744122",
	volume = "100",
	year = "2015"
}

@article{Costello,
	author = "Costello, Kevin",
	doi = "10.4007/annals.2006.164.561",
	fjournal = "Annals of Mathematics. Second Series",
	issn = "0003-486X",
	journal = "Ann. of Math. (2)",
	mrclass = "14N35",
	mrnumber = "2247968",
	mrreviewer = "Hsian-Hua Tseng",
	number = "2",
	pages = "561--601",
	title = "{Higher genus {G}romov-{W}itten invariants as genus zero invariants of symmetric products}",
	url = "http://dx.doi.org/10.4007/annals.2006.164.561",
	volume = "164",
	year = "2006"
}

@article{CoxRing,
	author = "Cox, David A.",
	fjournal = "Journal of Algebraic Geometry",
	issn = "1056-3911",
	journal = "J. Algebraic Geom.",
	mrclass = "14M25",
	mrnumber = "1299003",
	mrreviewer = "Mina Teicher",
	number = "1",
	pages = "17--50",
	title = "{The homogeneous coordinate ring of a toric variety}",
	volume = "4",
	year = "1995"
}

@article{CoxFunctor,
	author = "Cox, David A.",
	doi = "10.2748/tmj/1178225594",
	fjournal = "The Tohoku Mathematical Journal. Second Series",
	issn = "0040-8735",
	journal = "Tohoku Math. J. (2)",
	mrclass = "14M25",
	mrnumber = "1329523",
	mrreviewer = "David Perkinson",
	number = "2",
	pages = "251--262",
	title = "{The functor of a smooth toric variety}",
	url = "http://dx.doi.org/10.2748/tmj/1178225594",
	volume = "47",
	year = "1995"
}

@article{DM,
	author = "Deligne, P. and Mumford, D.",
	fjournal = "Institut des Hautes {\'E}tudes Scientifiques. Publications Math{\'e}matiques",
	issn = "0073-8301",
	journal = "Inst. Hautes {\'E}tudes Sci. Publ. Math.",
	mrclass = "14.20",
	mrnumber = "0262240",
	mrreviewer = "Manfred Herrmann",
	number = "36",
	pages = "75--109",
	title = "{The irreducibility of the space of curves of given genus}",
	year = "1969"
}

@book {EH3264,
    AUTHOR = {Eisenbud, D. and Harris, J.},
     TITLE = {3264 and all that---a second course in algebraic geometry},
 PUBLISHER = {Cambridge University Press, Cambridge},
      YEAR = {2016},
     PAGES = {xiv+616},
      ISBN = {978-1-107-60272-4; 978-1-107-01708-5},
   MRCLASS = {14-01 (14C15 14M15 14N10)},
  MRNUMBER = {3617981},
MRREVIEWER = {Arnaud Beauville},
       DOI = {10.1017/CBO9781139062046},
       URL = {https://doi.org/10.1017/CBO9781139062046},
}
	

@misc{GathmannThesis,
	author = {{Gathmann}, A.},
	note = "Habilitation thesis",
	title = "{{G}romov-{W}itten invariants of hypersurfaces}",
	year = 2003
}

@article{Givental-equivariantGW,
	author = "Givental, A. B.",
	doi = "10.1155/S1073792896000414",
	fjournal = "International Mathematics Research Notices",
	issn = "1073-7928",
	journal = "Internat. Math. Res. Notices",
	mrclass = "14D07 (14D05 14J32 14N10 32G20)",
	mrnumber = "1408320",
	mrreviewer = "Claire Voisin",
	number = "13",
	pages = "613--663",
	title = "{Equivariant {G}romov-{W}itten invariants}",
	url = "http://dx.doi.org/10.1155/S1073792896000414",
	year = "1996"
}

@article{GraberPandharipande,
	author = "Graber, Tom and Pandharipande, Rahul",
	fjournal = "Inventiones Mathematicae",
	issn = "0020-9910",
	journal = "Invent. Math.",
	mrclass = "14C17 (14D20 14N10 14N35)",
	mrnumber = "1666787",
	mrreviewer = "Paolo Aluffi",
	number = "2",
	pages = "487--518",
	title = "{Localization of virtual classes}",
	url = "http://dx.doi.org/10.1007/s002220050293",
	volume = "135",
	year = "1999"
}

@article{GrossSiebertLog,
	author = {{Gross}, M. and {Siebert}, B.},
	doi = "10.1090/S0894-0347-2012-00757-7",
	fjournal = "Journal of the American Mathematical Society",
	issn = "0894-0347",
	journal = "J. Amer. Math. Soc.",
	mrclass = "14N35 (14D23)",
	mrnumber = "3011419",
	mrreviewer = "Hsian-Hua Tseng",
	number = "2",
	pages = "451--510",
	title = "{Logarithmic {G}romov-{W}itten invariants}",
	url = "http://dx.doi.org/10.1090/S0894-0347-2012-00757-7",
	volume = "26",
	year = "2013"
}

@article{GrossSiebertIntrinsic,
	adsnote = "Provided by the SAO/NASA Astrophysics Data System",
	adsurl = "http://adsabs.harvard.edu/abs/2016arXiv160900624G",
	archiveprefix = "arXiv",
	author = "{Gross}, Mark and {Siebert}, Bernd",
	eprint = "1609.00624",
	journal = "ArXiv e-prints",
	keywords = "Mathematics - Algebraic Geometry; 14J32",
	month = sep,
	primaryclass = "math.AG",
	title = "{Intrinsic mirror symmetry and punctured Gromov-Witten invariants}",
	year = 2016
}

@article{HL,
	author = {{Hu}, Y. and {Li}, J.},
	coden = "MAANA",
	doi = "10.1007/s00208-010-0504-8",
	fjournal = "Mathematische Annalen",
	issn = "0025-5831",
	journal = "Math. Ann.",
	mrclass = "14D23 (14D20 14E15)",
	mrnumber = "2721647",
	mrreviewer = "Cristina Mart{\'i}nez",
	number = "4",
	pages = "929--963",
	title = "{Genus-one stable maps, local equations, and {V}akil-{Z}inger's desingularization}",
	url = "http://0-dx.doi.org.pugwash.lib.warwick.ac.uk/10.1007/s00208-010-0504-8",
	volume = "348",
	year = "2010"
}

@incollection{KimLog,
	author = {{Kim}, B},
	booktitle = "{New developments in algebraic geometry, integrable systems and mirror symmetry ({RIMS}, {K}yoto, 2008)}",
	mrclass = "14D20 (14H10 14N35)",
	mrnumber = "2683209",
	mrreviewer = "Hao Xu",
	pages = "167--200",
	publisher = "Math. Soc. Japan, Tokyo",
	series = "{Adv. Stud. Pure Math.}",
	title = "{Logarithmic stable maps}",
	volume = "59",
	year = "2010"
}

@article{KKP,
	author = "Kim, Bumsig and Kresch, Andrew and Pantev, Tony",
	coden = "JPAAA2",
	doi = "10.1016/S0022-4049(02)00293-1",
	fjournal = "Journal of Pure and Applied Algebra",
	issn = "0022-4049",
	journal = "J. Pure Appl. Algebra",
	mrclass = "14N35 (14C17 14J10)",
	mrnumber = "1958379",
	mrreviewer = "Kevin Joseph Costello",
	number = "1-2",
	pages = "127--136",
	title = "{Functoriality in intersection theory and a conjecture of {C}ox, {K}atz, and {L}ee}",
	url = "http://0-dx.doi.org.pugwash.lib.warwick.ac.uk/10.1016/S0022-4049(02)00293-1",
	volume = "179",
	year = "2003"
}

@incollection{KON,
	author = "Kontsevich, Maxim",
	booktitle = "{The moduli space of curves ({T}exel {I}sland, 1994)}",
	doi = "10.1007/978-1-4612-4264-2_12",
	mrclass = "14N10 (14D22 14L30)",
	mrnumber = "1363062",
	mrreviewer = "Anatoly Libgober",
	pages = "335--368",
	publisher = "Birkh{\"a}user Boston, Boston, MA",
	series = "{Progr. Math.}",
	title = "{Enumeration of rational curves via torus actions}",
	url = "http://0-dx.doi.org.pugwash.lib.warwick.ac.uk/10.1007/978-1-4612-4264-2_12",
	volume = "129",
	year = "1995"
}

@article{Li1,
	author = "Li, Jun",
	fjournal = "Journal of Differential Geometry",
	issn = "0022-040X",
	journal = "J. Differential Geom.",
	mrclass = "14N35",
	mrnumber = "1882667",
	mrreviewer = "Andreas Gathmann",
	number = "3",
	pages = "509--578",
	title = "{Stable morphisms to singular schemes and relative stable morphisms}",
	url = "http://projecteuclid.org/euclid.jdg/1090348132",
	volume = "57",
	year = "2001"
}

@article{Li2,
	author = "Li, Jun",
	fjournal = "Journal of Differential Geometry",
	issn = "0022-040X",
	journal = "J. Differential Geom.",
	mrclass = "14N35",
	mrnumber = "1938113",
	number = "2",
	pages = "199--293",
	title = "{A degeneration formula of {GW}-invariants}",
	url = "http://projecteuclid.org/euclid.jdg/1090351102",
	volume = "60",
	year = "2002"
}

@incollection{LiNotes,
	author = "Li, Jun",
	booktitle = "{Intersection theory and moduli}",
	mrclass = "14N35 (14D20 53D45)",
	mrnumber = "2172495",
	mrreviewer = "Artur Elezi",
	pages = "41--96",
	publisher = "Abdus Salam Int. Cent. Theoret. Phys., Trieste",
	series = "{ICTP Lect. Notes, XIX}",
	title = "{Lecture notes on relative {GW}-invariants}",
	year = "2004"
}

@article{LLY1,
	author = "Lian, Bong H. and Liu, Kefeng and Yau, Shing-Tung",
	doi = "10.4310/AJM.1997.v1.n4.a5",
	fjournal = "Asian Journal of Mathematics",
	issn = "1093-6106",
	journal = "Asian J. Math.",
	mrclass = "14N10 (14D20 14J32)",
	mrnumber = "1621573",
	mrreviewer = "Andreas Gathmann",
	number = "4",
	pages = "729--763",
	title = "{Mirror principle. {I}}",
	url = "http://dx.doi.org/10.4310/AJM.1997.v1.n4.a5",
	volume = "1",
	year = "1997"
}

@article{LZ,
	author = {{Li}, J. and {Zinger}, A.},
	coden = "PJMAAI",
	doi = "10.2140/pjm.2007.233.417",
	fjournal = "Pacific Journal of Mathematics",
	issn = "0030-8730",
	journal = "Pacific J. Math.",
	mrclass = "14N35 (14J32 53D45)",
	mrnumber = "2366383",
	mrreviewer = "Hsian-Hua Tseng",
	number = "2",
	pages = "417--480",
	title = "{Gromov-{W}itten invariants of a quintic threefold and a rigidity conjecture}",
	url = "http://0-dx.doi.org.pugwash.lib.warwick.ac.uk/10.2140/pjm.2007.233.417",
	volume = "233",
	year = "2007"
}

@article{Manolache-Push,
	author = "Manolache, C.”,
	doi = "10.2140/gt.2012.16.2003",
	fjournal = "Geometry \& Topology",
	issn = "1465-3060",
	journal = "Geom. Topol.",
	mrclass = "14C15 (14A20 14N35)",
	mrnumber = "2975298",
	mrreviewer = "Ruifang Song",
	number = "4",
	pages = "2003--2036",
	title = "{Virtual push-forwards}",
	url = "http://dx.doi.org/10.2140/gt.2012.16.2003",
	volume = "16",
	year = "2012"
}


@article {CH98,
    AUTHOR = {Caporaso, L. and Harris, J.},
     TITLE = {Counting plane curves of any genus},
   JOURNAL = {Invent. Math.},
  FJOURNAL = {Inventiones Mathematicae},
    VOLUME = {131},
      YEAR = {1998},
    NUMBER = {2},
     PAGES = {345--392},
      ISSN = {0020-9910},
   MRCLASS = {14N10 (14B07 14H10 14J10)},
  MRNUMBER = {1608583},
MRREVIEWER = {Susan J. Colley},
       DOI = {10.1007/s002220050208},
       URL = {https://doi.org/10.1007/s002220050208},
}

@article {AW,
    AUTHOR = {Abramovich, D. and Wise, J.},
     TITLE = {Birational invariance in logarithmic {G}romov-{W}itten theory},
   JOURNAL = {Compos. Math.},
  FJOURNAL = {Compositio Mathematica},
    VOLUME = {154},
      YEAR = {2018},
    NUMBER = {3},
     PAGES = {595--620},
      ISSN = {0010-437X},
   MRCLASS = {14N35 (14A20 14D23 14E05 14H10)},
  MRNUMBER = {3778185},
MRREVIEWER = {Hsian-Hua Tseng},
       DOI = {10.1112/S0010437X17007667},
       URL = {https://doi.org/10.1112/S0010437X17007667},
}

@ARTICLE{MW17,
       author = {{Marcus}, S. and {Wise}, J.},
        title = "{Logarithmic compactification of the Abel-Jacobi section}",
      journal = {arXiv e-prints},
     keywords = {Mathematics - Algebraic Geometry},
         year = "2017",
        month = "Aug",
          eid = {arXiv:1708.04471},
        pages = {arXiv:1708.04471},
archivePrefix = {arXiv},
       eprint = {1708.04471},
 primaryClass = {math.AG},
       adsurl = {https://ui.adsabs.harvard.edu/abs/2017arXiv170804471M},
      adsnote = {Provided by the SAO/NASA Astrophysics Data System}
}

@ARTICLE{RW19,
       author = {{Ranganathan}, D. and {Wise}, J.},
        title = "{Rational curves in the logarithmic multiplicative group}",
      journal = {arXiv e-prints},
     keywords = {Mathematics - Algebraic Geometry, 14H10, 14T05},
         year = "2019",
        month = "Jan",
          eid = {arXiv:1901.08489},
        pages = {arXiv:1901.08489},
archivePrefix = {arXiv},
       eprint = {1901.08489},
 primaryClass = {math.AG},
       adsurl = {https://ui.adsabs.harvard.edu/abs/2019arXiv190108489R},
      adsnote = {Provided by the SAO/NASA Astrophysics Data System}
}

@ARTICLE{Mol16,
       author = {{Molcho}, S.},
        title = "{Universal Weak Semistable Reduction}",
      journal = {arXiv e-prints},
     keywords = {Mathematics - Algebraic Geometry},
         year = "2016",
        month = "Jan",
          eid = {arXiv:1601.00302},
        pages = {arXiv:1601.00302},
archivePrefix = {arXiv},
       eprint = {1601.00302},
 primaryClass = {math.AG},
       adsurl = {https://ui.adsabs.harvard.edu/abs/2016arXiv160100302M},
      adsnote = {Provided by the SAO/NASA Astrophysics Data System}
}

@ARTICLE{R19,
       author = {{Ranganathan}, D.},
        title = "{Logarithmic Gromov-Witten theory with expansions}",
      journal = {arXiv e-prints},
     keywords = {Mathematics - Algebraic Geometry, 53D45, 14T05},
         year = "2019",
        month = "Mar",
          eid = {arXiv:1903.09006},
        pages = {arXiv:1903.09006},
archivePrefix = {arXiv},
       eprint = {1903.09006},
 primaryClass = {math.AG},
       adsurl = {https://ui.adsabs.harvard.edu/abs/2019arXiv190309006R},
      adsnote = {Provided by the SAO/NASA Astrophysics Data System}
}

@ARTICLE{CM18,
       author = {{Coates}, T. and {Manolache}, C.},
        title = "{A splitting of the virtual class for genus one stable maps}",
      journal = {arXiv e-prints},
     keywords = {Mathematics - Algebraic Geometry},
         year = "2018",
        month = "Sep",
          eid = {arXiv:1809.04162},
        pages = {arXiv:1809.04162},
archivePrefix = {arXiv},
       eprint = {1809.04162},
 primaryClass = {math.AG},
       adsurl = {https://ui.adsabs.harvard.edu/abs/2018arXiv180904162C},
      adsnote = {Provided by the SAO/NASA Astrophysics Data System}
}

@article{zingerstvsred,
	Author = {{Zinger}, A.},
	Date-Added = {2018-01-20 06:02:07 +0000},
	Date-Modified = {2018-01-20 06:19:26 +0000},
	Journal = {Geometry and Topology},
	Number = {2},
	Pages = {1203--1241},
	Title = {Standard versus reduced genus-one Gromov--Witten invariants},
	Volume = {12},
	Year = {2008}
}

@article{zingred,
	Author = {{Zinger}, A.},
	Date-Added = {2018-01-20 05:56:54 +0000},
	Date-Modified = {2018-02-05 23:38:09 +0000},
	Journal = {J. Amer. Math. Soc},
	Number = {22},
	Pages = {691-737},
	Title = {The reduced genus one {G}romov-{W}itten invariants of {C}alabi-{Y}au hypersurfaces},
	Year = {2009}
}
@article{lz2,
	Author = {Li, J. and Zinger, A.},
	Date-Added = {2018-02-05 22:06:31 +0000},
	Date-Modified = {2018-02-05 22:07:07 +0000},
	Fjournal = {Journal of Differential Geometry},
	Issn = {0022-040X},
	Journal = {J. Differential Geom.},
	Mrclass = {14N35 (53D45)},
	Mrnumber = {2534991},
	Number = {3},
	Pages = {641--690},
	Title = {On the genus-one {G}romov-{W}itten invariants of complete intersections},
	Url = {http://projecteuclid.org/euclid.jdg/1251122549},
	Volume = {82},
	Year = {2009}
}

@article{redgone,
	Author = {Zinger, A.},
	Date-Added = {2018-02-05 21:59:09 +0000},
	Date-Modified = {2018-02-05 22:00:38 +0000},
	Fjournal = {Journal of Differential Geometry},
	Issn = {0022-040X},
	Journal = {J. Differential Geom.},
	Mrclass = {53D45 (14D20 14N35)},
	Mrnumber = {2577474},
	Mrreviewer = {Dragos Nicolae Oprea},
	Number = {2},
	Pages = {407--460},
	Title = {Reduced genus-one {G}romov-{W}itten invariants},
	Url = {http://projecteuclid.org/euclid.jdg/1261495337},
	Volume = {83},
	Year = {2009}
}


@ARTICLE{BCM18,
       author = {{Battistella}, L. and {Carocci}, F. and {Manolache}, C.},
        title = "{Reduced invariants from cuspidal maps}",
      journal = {arXiv e-prints},
     keywords = {Mathematics - Algebraic Geometry, 14N35},
         year = "2018",
        month = "Jan",
          eid = {arXiv:1801.07739},
        pages = {arXiv:1801.07739},
archivePrefix = {arXiv},
       eprint = {1801.07739},
 primaryClass = {math.AG},
       adsurl = {https://ui.adsabs.harvard.edu/abs/2018arXiv180107739B},
      adsnote = {Provided by the SAO/NASA Astrophysics Data System}
}


@article{Manolache-Pull,
	author = "Manolache, Cristina",
	doi = "10.1090/S1056-3911-2011-00606-1",
	fjournal = "Journal of Algebraic Geometry",
	issn = "1056-3911",
	journal = "J. Algebraic Geom.",
	mrclass = "14C15 (14A20 14N35)",
	mrnumber = "2877433",
	mrreviewer = "Hsian-Hua Tseng",
	number = "2",
	pages = "201--245",
	title = "{Virtual pull-backs}",
	url = "http://dx.doi.org/10.1090/S1056-3911-2011-00606-1",
	volume = "21",
	year = "2012"
}

@article {ManolacheStable,
    AUTHOR = {Manolache, Cristina},
     TITLE = {Stable maps and stable quotients},
   JOURNAL = {Compos. Math.},
  FJOURNAL = {Compositio Mathematica},
    VOLUME = {150},
      YEAR = {2014},
    NUMBER = {9},
     PAGES = {1457--1481},
      ISSN = {0010-437X},
   MRCLASS = {14N35 (14D23)},
  MRNUMBER = {3260138},
MRREVIEWER = {Qile Chen},
       URL = {https://doi.org/10.1112/S0010437X14007258},
}

@article {MorrisonPlesser,
    AUTHOR = {Morrison, David R. and Plesser, M. Ronen},
     TITLE = {Summing the instantons: quantum cohomology and mirror symmetry
              in toric varieties},
   JOURNAL = {Nuclear Phys. B},
  FJOURNAL = {Nuclear Physics. B. Theoretical, Phenomenological, and
              Experimental High Energy Physics. Quantum Field Theory and
              Statistical Systems},
    VOLUME = {440},
      YEAR = {1995},
    NUMBER = {1-2},
     PAGES = {279--354},
      ISSN = {0550-3213},
   MRCLASS = {32G81 (14J32 14M25 32J81 81T40)},
  MRNUMBER = {1336089},
MRREVIEWER = {Bruce Hunt},
       DOI = {10.1016/0550-3213(95)00061-V},
       URL = {http://dx.doi.org/10.1016/0550-3213(95)00061-V},
}

@ARTICLE{RSPW,
   author = {{Ranganathan}, D. and {Santos-Parker}, K. and {Wise}, J.},
    title = "{Moduli of stable maps in genus one and logarithmic geometry I}",
  journal = {ArXiv e-prints},
archivePrefix = "arXiv",
   eprint = {1708.02359},
 primaryClass = "math.AG",
 keywords = {Mathematics - Algebraic Geometry},
     year = 2017,
    month = aug,
   adsurl = {http://adsabs.harvard.edu/abs/2017arXiv170802359R},
  adsnote = {Provided by the SAO/NASA Astrophysics Data System}
}


@ARTICLE{RSPW2,
   author = {{Ranganathan}, D. and {Santos-Parker}, K. and {Wise}, J.},
    title = "{Moduli of stable maps in genus one and logarithmic geometry II}",
  journal = {ArXiv e-prints},
archivePrefix = "arXiv",
   eprint = {1709.00490},
 primaryClass = "math.AG",
 keywords = {Mathematics - Algebraic Geometry},
     year = 2017,
    month = sep,
   adsurl = {http://adsabs.harvard.edu/abs/2017arXiv170900490R},
  adsnote = {Provided by the SAO/NASA Astrophysics Data System}
}

@article {SMY1,
    AUTHOR = {Smyth, D. I.},
     TITLE = {Modular compactifications of the space of pointed elliptic
              curves {I}},
   JOURNAL = {Compos. Math.},
  FJOURNAL = {Compositio Mathematica},
    VOLUME = {147},
      YEAR = {2011},
    NUMBER = {3},
     PAGES = {877--913},
      ISSN = {0010-437X},
   MRCLASS = {14D23 (14H10)},
  MRNUMBER = {2801404},
MRREVIEWER = {Concettina Galati},
       DOI = {10.1112/S0010437X10005014},
       URL = {https://doi.org/10.1112/S0010437X10005014},
}

@article {SMY2,
    AUTHOR = {Smyth, D. I.},
     TITLE = {Modular compactifications of the space of pointed elliptic
              curves {II}},
   JOURNAL = {Compos. Math.},
  FJOURNAL = {Compositio Mathematica},
    VOLUME = {147},
      YEAR = {2011},
    NUMBER = {6},
     PAGES = {1843--1884},
      ISSN = {0010-437X},
   MRCLASS = {14H10 (14D23 14E30 14H52)},
  MRNUMBER = {2862065},
MRREVIEWER = {Hsian-Hua Tseng},
       DOI = {10.1112/S0010437X11005549},
       URL = {https://doi.org/10.1112/S0010437X11005549},
}



@article{Vre,
	author = {{Vakil}, R.},
	coden = "JRMAA8",
	doi = "10.1515/crll.2000.094",
	fjournal = "Journal f{\"u}r die Reine und Angewandte Mathematik",
	issn = "0075-4102",
	journal = "J. Reine Angew. Math.",
	mrclass = "14N10 (14H10 14N35)",
	mrnumber = "1799935",
	mrreviewer = "Gilberto Bini",
	pages = "101--153",
	title = "{The enumerative geometry of rational and elliptic curves in projective space}",
	url = "http://0-dx.doi.org.pugwash.lib.warwick.ac.uk/10.1515/crll.2000.094",
	volume = "529",
	year = "2000"
}

@article{TodaStableQuotient,
    AUTHOR = {Toda, Yukinobu},
     TITLE = {Moduli spaces of stable quotients and wall-crossing phenomena},
   JOURNAL = {Compos. Math.},
  FJOURNAL = {Compositio Mathematica},
    VOLUME = {147},
      YEAR = {2011},
    NUMBER = {5},
     PAGES = {1479--1518},
      ISSN = {0010-437X},
   MRCLASS = {14N35 (14D23)},
  MRNUMBER = {2834730},
MRREVIEWER = {Arvid Perego},
       DOI = {10.1112/S0010437X11005434},
       URL = {http://dx.doi.org/10.1112/S0010437X11005434},
}

@article{VZ,
	author = {{Vakil}, R. and {Zinger}, A.},
	doi = "10.2140/gt.2008.12.1",
	fjournal = "Geometry \& Topology",
	issn = "1465-3060",
	journal = "Geom. Topol.",
	mrclass = "14D20 (14N35)",
	mrnumber = "2377245",
	mrreviewer = "Charles D. Cadman",
	number = "1",
	pages = "1--95",
	title = "{A desingularization of the main component of the moduli space of genus-one stable maps into {$\mathbb P^n$}}",
	url = "http://0-dx.doi.org.pugwash.lib.warwick.ac.uk/10.2140/gt.2008.12.1",
	volume = "12",
	year = "2008"
}

@article{VZpreview,
	author = "Vakil, Ravi and Zinger, Aleksey",
	doi = "10.1090/S1079-6762-07-00174-6",
	fjournal = "Electronic Research Announcements of the American Mathematical Society",
	issn = "1079-6762",
	journal = "Electron. Res. Announc. Amer. Math. Soc.",
	mrclass = "14C05 (14D20 14H10 14N35)",
	mrnumber = "2320682",
	mrreviewer = "Cristina Mart{\'i}nez",
	pages = "53--59",
	title = "{A natural smooth compactification of the space of elliptic curves in projective space}",
	url = "http://0-dx.doi.org.pugwash.lib.warwick.ac.uk/10.1090/S1079-6762-07-00174-6",
	volume = "13",
	year = "2007"
}

@article {WangDeformations,
    AUTHOR = {Wang, Jie},
     TITLE = {Deformations of pairs {$(X,L)$} when {$X$} is singular},
   JOURNAL = {Proc. Amer. Math. Soc.},
  FJOURNAL = {Proceedings of the American Mathematical Society},
    VOLUME = {140},
      YEAR = {2012},
    NUMBER = {9},
     PAGES = {2953--2966},
      ISSN = {0002-9939},
   MRCLASS = {14B10 (14B12)},
  MRNUMBER = {2917069},
MRREVIEWER = {Marko Roczen},
       URL = {https://doi.org/10.1090/S0002-9939-2011-11230-9},
}


@article{VISC,
	author = {{Viscardi}, M.},
	doi = "10.1007/s00229-011-0513-2",
	fjournal = "Manuscripta Mathematica",
	issn = "0025-2611",
	journal = "Manuscripta Math.",
	mrclass = "14D23 (14H10)",
	mrnumber = "2959678",
	mrreviewer = "Jonathan Wise",
	number = "1-2",
	pages = "201--236",
	title = "{Alternate compactifications of the moduli space of genus one maps}",
	url = "http://0-dx.doi.org.pugwash.lib.warwick.ac.uk/10.1007/s00229-011-0513-2",
	volume = "139",
	year = "2012"
}

@misc{stacks-project,
	author = "{Stacks Project Authors}, The",
	howpublished = "\url{http://stacks.math.columbia.edu}",
	shorthand = "Stacks",
	title = "{\itshape Stacks Project}",
	year = "2017"
}

@article{CONR,
	author = "Conrad, Brian",
	doi = "10.1017/S1474748006000089",
	fjournal = "Journal of the Institute of Mathematics of Jussieu. JIMJ. Journal de l'Institut de Math{\'e}matiques de Jussieu",
	issn = "1474-7480",
	journal = "J. Inst. Math. Jussieu",
	mrclass = "11G18 (11F25 14G22)",
	mrnumber = "2311664",
	mrreviewer = "Mihran Papikian",
	number = "2",
	pages = "209--278",
	title = "{Arithmetic moduli of generalized elliptic curves}",
	url = "http://dx.doi.org/10.1017/S1474748006000089",
	volume = "6",
	year = "2007"
}

@book{HAR,
	author = "Hartshorne, Robin",
	isbn = "0-387-90244-9",
	mrclass = "14-01",
	mrnumber = "0463157",
	mrreviewer = "Robert Speiser",
	note = "Graduate Texts in Mathematics, No. 52",
	pages = "xvi+496",
	publisher = "Springer-Verlag, New York-Heidelberg",
	title = "{Algebraic geometry}",
	year = "1977"
}

@book{FUL,
	author = "Fulton, William",
	doi = "10.1007/978-1-4612-1700-8",
	edition = "Second",
	isbn = "3-540-62046-X; 0-387-98549-2",
	mrclass = "14C17 (14-02)",
	mrnumber = "1644323",
	pages = "xiv+470",
	publisher = "Springer-Verlag, Berlin",
	series = "{Ergebnisse der Mathematik und ihrer Grenzgebiete. 3. Folge. A Series of Modern Surveys in Mathematics [Results in Mathematics and Related Areas. 3rd Series. A Series of Modern Surveys in Mathematics]}",
	title = "{Intersection theory}",
	url = "http://dx.doi.org/10.1007/978-1-4612-1700-8",
	volume = "2",
	year = "1998"
}

@article{CL-pfields,
	author = "Chang, Huai-Liang and Li, Jun",
	doi = "10.1093/imrn/rnr186",
	fjournal = "International Mathematics Research Notices. IMRN",
	issn = "1073-7928",
	journal = "Int. Math. Res. Not. IMRN",
	mrclass = "14N35 (53D45)",
	mrnumber = "2975379",
	mrreviewer = "Artan Sheshmani",
	number = "18",
	pages = "4163--4217",
	title = "{Gromov-{W}itten invariants of stable maps with fields}",
	url = "http://dx.doi.org/10.1093/imrn/rnr186",
	year = "2012"
}

@article{CF-K,
	author = "Ciocan-Fontanine, Ionu\c{t} and Kim, Bumsig",
	doi = "10.1016/j.aim.2010.05.023",
	fjournal = "Advances in Mathematics",
	issn = "0001-8708",
	journal = "Adv. Math.",
	mrclass = "14N35 (14D23 14M25)",
	mrnumber = "2729000",
	mrreviewer = "I. Dolgachev",
	number = "6",
	pages = "3022--3051",
	title = "{Moduli stacks of stable toric quasimaps}",
	url = "http://dx.doi.org/10.1016/j.aim.2010.05.023",
	volume = "225",
	year = "2010"
}

@ARTICLE{CF-K-MirrorSymmetry,
   author = {Ciocan-Fontanine, Ionu\c{t} and Kim, Bumsig},
    title = "{Quasimap Wall-crossings and Mirror Symmetry}",
  journal = {ArXiv e-prints},
archivePrefix = "arXiv",
   eprint = {1611.05023},
 primaryClass = "math.AG",
 keywords = {Mathematics - Algebraic Geometry, Mathematics - Symplectic Geometry, 14D20, 14D23, 14N35},
     year = 2016,
    month = nov,
   adsurl = {http://adsabs.harvard.edu/abs/2016arXiv161105023C},
  adsnote = {Provided by the SAO/NASA Astrophysics Data System}
}

@article{CF-K-wallcrossing,
	author = "Ciocan-Fontanine, Ionu\c{t} and Kim, Bumsig",
	fjournal = "Algebraic Geometry",
	issn = "2214-2584",
	journal = "Algebr. Geom.",
	mrclass = "14N35 (14D23 14L24)",
	mrnumber = "3272909",
	mrreviewer = "Sergiy Koshkin",
	number = "4",
	pages = "400--448",
	title = "{Wall-crossing in genus zero quasimap theory and mirror maps}",
	url = "http://dx.doi.org/10.14231/AG-2014-019",
	volume = "1",
	year = "2014"
}

@article{Ga,
	author = {{Gathmann}, A.},
	doi = "10.1215/S0012-7094-02-11521-X",
	fjournal = "Duke Mathematical Journal",
	issn = "0012-7094",
	journal = "Duke Math. J.",
	mrclass = "14N35 (14H10 14J70 14N10)",
	mrnumber = "1944571",
	mrreviewer = "Domenico Fiorenza",
	number = "2",
	pages = "171--203",
	title = "{Absolute and relative {G}romov-{W}itten invariants of very ample hypersurfaces}",
	url = "http://dx.doi.org/10.1215/S0012-7094-02-11521-X",
	volume = "115",
	year = "2002"
}

@article{Ga-MF,
	author = "Gathmann, Andreas",
	doi = "10.1007/s00208-002-0345-1",
	fjournal = "Mathematische Annalen",
	issn = "0025-5831",
	journal = "Math. Ann.",
	mrclass = "14N35 (14N10)",
	mrnumber = "1962055",
	mrreviewer = "Kevin Joseph Costello",
	number = "2",
	pages = "393--412",
	title = "{Relative {G}romov-{W}itten invariants and the mirror formula}",
	url = "http://dx.doi.org/10.1007/s00208-002-0345-1",
	volume = "325",
	year = "2003"
}

@book{ACG-II,
	author = "Arbarello, Enrico and Cornalba, Maurizio and Griffiths, Pillip A.",
	doi = "10.1007/978-3-540-69392-5",
	isbn = "978-3-540-42688-2",
	mrclass = "14H10 (32G15)",
	mrnumber = "2807457",
	mrreviewer = "E. Looijenga",
	note = "With a contribution by Joseph Daniel Harris",
	pages = "xxx+963",
	publisher = "Springer, Heidelberg",
	series = "{Grundlehren der Mathematischen Wissenschaften [Fundamental Principles of Mathematical Sciences]}",
	title = "{Geometry of algebraic curves. {V}olume {II}}",
	url = "http://dx.doi.org/10.1007/978-3-540-69392-5",
	volume = "268",
	year = "2011"
}

@article{MOP,
	author = "Marian, Alina and Oprea, Dragos and Pandharipande, Rahul",
	doi = "10.2140/gt.2011.15.1651",
	fjournal = "Geometry \& Topology",
	issn = "1465-3060",
	journal = "Geom. Topol.",
	mrclass = "14N35 (14D23)",
	mrnumber = "2851074",
	mrreviewer = "Amin Gholampour",
	number = "3",
	pages = "1651--1706",
	title = "{The moduli space of stable quotients}",
	url = "http://dx.doi.org/10.2140/gt.2011.15.1651",
	volume = "15",
	year = "2011"
}

@article{Bertram,
	author = "Bertram, Aaron",
	doi = "10.1007/s002220000094",
	fjournal = "Inventiones Mathematicae",
	issn = "0020-9910",
	journal = "Invent. Math.",
	mrclass = "14N35 (14D20 14J32)",
	mrnumber = "1804158",
	mrreviewer = "Yuan-Pin Lee",
	number = "3",
	pages = "487--512",
	title = "{Another way to enumerate rational curves with torus actions}",
	url = "http://dx.doi.org/10.1007/s002220000094",
	volume = "142",
	year = "2000"
}

@article{Popa-Roth,
	author = "Popa, Mihnea and Roth, Mike",
	doi = "10.1007/s00222-002-0279-y",
	fjournal = "Inventiones Mathematicae",
	issn = "0020-9910",
	journal = "Invent. Math.",
	mrclass = "14H60 (14C20 14D20)",
	mrnumber = "1988296",
	mrreviewer = "Jean-Marc Drezet",
	number = "3",
	pages = "625--663",
	title = "{Stable maps and {Q}uot schemes}",
	url = "http://dx.doi.org/10.1007/s00222-002-0279-y",
	volume = "152",
	year = "2003"
}

@article {MaulikPandharipande,
    AUTHOR = {Maulik, D. and Pandharipande, R.},
     TITLE = {A topological view of {G}romov-{W}itten theory},
   JOURNAL = {Topology},
  FJOURNAL = {Topology. An International Journal of Mathematics},
    VOLUME = {45},
      YEAR = {2006},
    NUMBER = {5},
     PAGES = {887--918},
      ISSN = {0040-9383},
   MRCLASS = {14N35 (53D45)},
  MRNUMBER = {2248516},
MRREVIEWER = {Renzo Cavalieri},
       DOI = {10.1016/j.top.2006.06.002},
       URL = {https://doi.org/10.1016/j.top.2006.06.002},
}

@article{CFKM,
	author = "Ciocan-Fontanine, Ionu\c{t} and Kim, Bumsig and Maulik, Davesh",
	doi = "10.1016/j.geomphys.2013.08.019",
	fjournal = "Journal of Geometry and Physics",
	issn = "0393-0440",
	journal = "J. Geom. Phys.",
	mrclass = "14D23 (14L24 14M25)",
	mrnumber = "3126932",
	mrreviewer = "Yu-Jong Tzeng",
	pages = "17--47",
	title = "{Stable quasimaps to {GIT} quotients}",
	url = "http://dx.doi.org/10.1016/j.geomphys.2013.08.019",
	volume = "75",
	year = "2014"
}

@article{Knudsen,
	author = "Knudsen, Finn F.",
	doi = "10.7146/math.scand.a-12001",
	fjournal = "Mathematica Scandinavica",
	issn = "0025-5521",
	journal = "Math. Scand.",
	mrclass = "14H10 (14D20 14D22)",
	mrnumber = "702953",
	mrreviewer = "P. E. Newstead",
	number = "2",
	pages = "161--199",
	title = "{The projectivity of the moduli space of stable curves. {II}. {T}he stacks {$M_{g,n}$}}",
	url = "http://dx.doi.org/10.7146/math.scand.a-12001",
	volume = "52",
	year = "1983"
}

@incollection{KP,
	author = "Kim, Bumsig and Pandharipande, Rahul",
	booktitle = "{Symplectic geometry and mirror symmetry ({S}eoul, 2000)}",
	doi = "10.1142/9789812799821_0006",
	mrclass = "14D22 (14L30 14M20)",
	mrnumber = "1882330",
	mrreviewer = "Domenico Fiorenza",
	pages = "187--201",
	publisher = "World Sci. Publ., River Edge, NJ",
	title = "{The connectedness of the moduli space of maps to homogeneous spaces}",
	url = "http://dx.doi.org/10.1142/9789812799821_0006",
	year = "2001"
}

@article{CZ-mirror,
	author = "Cooper, Yaim and Zinger, Aleksey",
	doi = "10.1307/mmj/1409932634",
	fjournal = "Michigan Mathematical Journal",
	issn = "0026-2285",
	journal = "Michigan Math. J.",
	mrclass = "14J33 (14D20)",
	mrnumber = "3255692",
	mrreviewer = "Dang Tuan Hiep",
	number = "3",
	pages = "571--621",
	title = "{Mirror symmetry for stable quotients invariants}",
	url = "http://dx.doi.org/10.1307/mmj/1409932634",
	volume = "63",
	year = "2014"
}

@incollection{Givental-mirror,
	author = "Givental, Alexander",
	booktitle = "{Topological field theory, primitive forms and related topics ({K}yoto, 1996)}",
	mrclass = "14M25 (14J32 14N35)",
	mrnumber = "1653024",
	mrreviewer = "Charles F. Doran",
	pages = "141--175",
	publisher = "Birkh{\"a}user Boston, Boston, MA",
	series = "{Progr. Math.}",
	title = "{A mirror theorem for toric complete intersections}",
	volume = "160",
	year = "1998"
}

@misc{PuncturedMaps,
	author = {{Abramovich}, D. and {Chen}, Q. and {Gross}, M. and {Siebert}, B.},
	title = {Punctured logarithmic maps},
	note={In preparation}
}

@article {Tevelev,
    AUTHOR = {Tevelev, Jenia},
     TITLE = {Compactifications of subvarieties of tori},
   JOURNAL = {Amer. J. Math.},
  FJOURNAL = {American Journal of Mathematics},
    VOLUME = {129},
      YEAR = {2007},
    NUMBER = {4},
     PAGES = {1087--1104},
      ISSN = {0002-9327},
   MRCLASS = {14M25 (14E30 14L30)},
  MRNUMBER = {2343384},
MRREVIEWER = {Michael A. van Opstall},
       DOI = {10.1353/ajm.2007.0029},
       URL = {https://doi.org/10.1353/ajm.2007.0029},
}